@proceedings{churchill2013portfolio,
  title={Portfolio greedy search and simulation for large-scale combat in starcraft},
  author={Churchill, David and Buro, Michael},
  booktitle={2013 IEEE Conference on Computational Inteligence in Games (CIG)},
  pages={1--8},
  year={2013},
  organization={IEEE}
}

@inproceedings{onta2013combinatorial,
  title={The combinatorial multi-armed bandit problem and its application to real-time strategy games},
  author={Onta{\~n}{\'o}n, Santiago},
  booktitle={Ninth artificial intelligence and interactive digital entertainment conference},
  year={2013}
}

@incollection{dockendorf2001combat,
  title={Combat models for RTS games},
  author={Dockendorf, Keith P},
  booktitle={Game programming gems 2},
  pages={423--431},
  year={2001},
  publisher={Charles River Media, Inc.}
}

@inproceedings{buro2003real,
  title={Real-time strategy games: A new AI research challenge},
  author={Buro, Michael},
  booktitle={Proceedings of the Eighteenth International Joint Conference on Artificial Intelligence},
  pages={1534--1535},
  year={2003}
}

@inproceedings{weber2011building,
  title={Building human-level AI for real-time strategy games},
  author={Weber, Ben G and Mateas, Michael and Jhala, Arnav},
  booktitle={Aaai fall symposium on advances in cognitive systems},
  year={2011}
}

@article{lanchester1916aircraft,
  title={Aircraft in warfare: the dawn of the fourth arm},
  author={Lanchester, Frederick William},
  journal={Engineering},
  volume={102},
  pages={213--214},
  year={1916}
}

@book{adams2013fundamentals,
  title={Fundamentals of game design},
  author={Adams, Ernest},
  year={2013},
  publisher={New Riders}
}

@article{synnaeve2016deep,
  title={Deep reinforcement learning for starcraft},
  author={Synnaeve, Gabriel and Nardelli, Nantas and Usunier, Nicolas},
  journal={arXiv preprint arXiv:1608.01977},
  year={2016}
}

@article{lee2018starcraft,
  title={StarCraft II: A new challenge for reinforcement learning},
  author={Lee, Kyu-Hwan and Kim, Kyu-Beom and Kim, Kyung-Joong},
  journal={arXiv preprint arXiv:1811.08573},
  year={2018}
}

@article{justesen2017deep,
  title={Deep learning for video game playing},
  author={Justesen, Niels and Bontrager, Philip and Togelius, Julian and Risi, Sebastian},
  journal={IEEE Transactions on Games},
  volume={12},
  number={1},
  pages={1--1},
  year={2017},
  publisher={IEEE}
}

@article{schilling2007lanchester,
  title={Lanchester models of combat},
  author={Schilling, Mark F},
  journal={The UMAP Journal},
  volume={28},
  number={1},
  pages={1--20},
  year={2007}
}

@book{morris2005lanchester,
  title={Lanchester models of warfare},
  author={Morris, James A},
  year={2005},
  publisher={Military Operations Research Society}
} 